<?xml version="1.0" encoding="UTF-8"?><collection xmlns="http://www.loc.gov/MARC21/slim"><record><leader>00478nam--2200169-i-4500</leader><controlfield tag="001">000010910</controlfield><controlfield tag="002">20161230</controlfield><controlfield tag="005">20161230201029</controlfield><controlfield tag="008">060222s1000------------r-----000-0-eng-d</controlfield><datafield ind1=" " ind2=" " tag="040"><subfield code="a">IFIN-HH</subfield></datafield><datafield ind1=" " ind2=" " tag="080"><subfield code="a">539.171(043)</subfield></datafield><datafield ind1="1" ind2=" " tag="100"><subfield code="a">Combes, J.M</subfield></datafield><datafield ind1="1" ind2="0" tag="245"><subfield code="a">Time-dependent akpproach to nonrelativistic multichannel scattering</subfield><subfield code="c">J.m. combes</subfield></datafield><datafield ind1=" " ind2=" " tag="260"><subfield code="a">Marseille</subfield><subfield code="b">Centre De Physique Theorique</subfield><subfield code="c">1969</subfield></datafield><datafield ind1=" " ind2=" " tag="300"><subfield code="a">33 P</subfield></datafield><datafield ind1=" " ind2=" " tag="852"><subfield code="a">40401</subfield><subfield code="c">539.17</subfield></datafield><datafield ind1=" " ind2=" " tag="CAT"><subfield code="a">Sys</subfield><subfield code="c">20120611</subfield><subfield code="h">153220</subfield></datafield></record></collection>